<?xml version="1.0" encoding="UTF-8"?><collection xmlns="http://www.loc.gov/MARC21/slim"><record><leader>00309nam--2200121-i-4500</leader><controlfield tag="001">000042387</controlfield><controlfield tag="002">20161230</controlfield><controlfield tag="005">20161230201043</controlfield><controlfield tag="008">060222s1000------------r-----000-0-eng-d</controlfield><datafield ind1=" " ind2=" " tag="080"><subfield code="a">629.785:061.62(549)</subfield></datafield><datafield ind1=" " ind2=" " tag="245"><subfield code="a">Space research in pkistan 1982</subfield></datafield><datafield ind1=" " ind2=" " tag="260"><subfield code="a">Otawa, Research Commission, 1982. 27 P</subfield></datafield><datafield ind1=" " ind2=" " tag="852"><subfield code="a">72537</subfield></datafield></record></collection>